<?xml version="1.0" encoding="UTF-8"?><collection xmlns="http://www.loc.gov/MARC21/slim"><record><leader>00490nam--2200181-i-4500</leader><controlfield tag="001">000044786</controlfield><controlfield tag="002">20161230</controlfield><controlfield tag="005">20161230201044</controlfield><controlfield tag="008">060222s1000------------r-----000-0-eng-d</controlfield><datafield ind1=" " ind2=" " tag="040"><subfield code="a">IFIN-HH</subfield></datafield><datafield ind1=" " ind2=" " tag="080"><subfield code="a">539.2</subfield></datafield><datafield ind1="1" ind2=" " tag="100"><subfield code="a">Farmery, B.W</subfield></datafield><datafield ind1="1" ind2="0" tag="245"><subfield code="a">Low-angle scattering of he+ ions at a w crystal surface</subfield><subfield code="c">B.w. farmery, a.d. msrwick, m.w. thompson</subfield></datafield><datafield ind1=" " ind2=" " tag="260"><subfield code="a">/F.An, Ed. Si Loc</subfield></datafield><datafield ind1=" " ind2=" " tag="300"><subfield code="a">17P</subfield></datafield><datafield ind1="1" ind2=" " tag="700"><subfield code="a">Thompson, M.W</subfield></datafield><datafield ind1=" " ind2=" " tag="852"><subfield code="a">34209</subfield><subfield code="c">539.2</subfield></datafield><datafield ind1=" " ind2=" " tag="CAT"><subfield code="a">Sys</subfield><subfield code="c">20121018</subfield><subfield code="h">155545</subfield></datafield></record></collection>